% Encoding: windows-1250

@ELECTRONIC{Herout-Abstract,
  author = {Adam Herout},
  month = {Dec},
  year = {2013},
  title = {Jak ps\'{a}t abstrakt},
  language = {CZ},
  howpublished = {blogpost (czech)},
  note = {\url{http://www.herout.net/blog/2013/12/jak-psat-abstrakt/}},
  url = {http://www.herout.net/blog/2013/12/jak-psat-abstrakt/},
  owner = {Herout},
  timestamp = {2015.01.20}
}

@Electronic{Herout-Comics,
  author       = {Adam Herout},
  title        = {Diplomka / Comics Edition},
  year         = {2013},
  language     = {CZ},
  note         = {\url{http://www.herout.net/blog/2013/03/diplomka-comics-edition/}},
  month        = {March},
  howpublished = {blogpost (czech)},
  owner        = {Herout},
  timestamp    = {2015.01.20},
}

@misc{content_2019, title={31 Questions Every Designer Should Ask When Testing Prototypes}, url={https://www.usertesting.com/blog/31-questions-every-designer-should-ask-when-testing-prototypes/}, journal={UserTesting Blog}, author={Content, Jennifer}, year={2019}, month={Apr}}

@misc{veal, title={How To Write Effective Usability Testing Questions: A Beginner's Guide}, url={https://careerfoundry.com/en/blog/ux-design/how-to-write-usability-testing-questions/}, journal={CareerFoundry}, author={Veal, Ravel}}

@BOOK{Lebrun2011,
  title = {Scientific Writing 2.0: a reader and writer's guide},
  publisher = {World Scientific Publishing},
  year = {2011},
  author = {Jean-Luc Lebrun},
  note = {ISBN: 9814350605},
  owner = {herout},
  timestamp = {2015.01.20}
}

@misc{jurafsky_2019, place={Stanford}, title={Dialog Systems and Chatbots}, url={http://web.stanford.edu/~jurafsky/slp3/24.pdf}, journal={From Languages to Information}, author={Jurafsky, Dan}, year={2019}, month={Jan}}

@misc{brownlee_2018, title={Conversational Interfaces, Explained}, url={https://www.fastcompany.com/3058546/conversational-interfaces-explained}, journal={Fast Company}, publisher={Fast Company}, author={Brownlee, John}, year={2018}, month={Jul}}

@misc{mielke_2016, title={Conversational Interfaces: Where Are We Today? Where Are We Heading?}, url={https://www.smashingmagazine.com/2016/07/conversational-interfaces-where-are-we-today-where-are-we-heading/}, journal={Smashing Magazine}, author={Mielke, Cosima}, year={2016}, month={Jul}}

@Comment{jabref-meta: databaseType:biblatex;}
